@ARTICLE{paper1,
       author = {{Sohn}, Sangmo Tony and {Anderson}, Jay and {van der Marel}, Roeland P.},
        title = "{The M31 Velocity Vector. I. Hubble Space Telescope Proper-motion Measurements}",
      journal = {\apj},
     keywords = {galaxies: individual: M31, galaxies: kinematics and dynamics, Local Group, proper motions, Astrophysics - Galaxy Astrophysics},
         year = 2012,
        month = jul,
       volume = {753},
       number = {1},
          eid = {7},
        pages = {7},
          doi = {10.1088/0004-637X/753/1/7},
archivePrefix = {arXiv},
       eprint = {1205.6863},
 primaryClass = {astro-ph.GA},
       adsurl = {https://ui.adsabs.harvard.edu/abs/2012ApJ...753....7S},
      adsnote = {Provided by the SAO/NASA Astrophysics Data System}
}

@ARTICLE{paper2,
       author = {{van der Marel}, Roeland P. and {Fardal}, Mark and {Besla}, Gurtina and {Beaton}, Rachael L. and {Sohn}, Sangmo Tony and {Anderson}, Jay and {Brown}, Tom and {Guhathakurta}, Puragra},
        title = "{The M31 Velocity Vector. II. Radial Orbit toward the Milky Way and Implied Local Group Mass}",
      journal = {\apj},
     keywords = {galaxies: individual: M31, galaxies: kinematics and dynamics, Local Group, proper motions, Astrophysics - Galaxy Astrophysics},
         year = 2012,
        month = jul,
       volume = {753},
       number = {1},
          eid = {8},
        pages = {8},
          doi = {10.1088/0004-637X/753/1/8},
archivePrefix = {arXiv},
       eprint = {1205.6864},
 primaryClass = {astro-ph.GA},
       adsurl = {https://ui.adsabs.harvard.edu/abs/2012ApJ...753....8V},
      adsnote = {Provided by the SAO/NASA Astrophysics Data System}
}

@ARTICLE{paper3,
       author = {{van der Marel}, Roeland P. and {Besla}, Gurtina and {Cox}, T.~J. and {Sohn}, Sangmo Tony and {Anderson}, Jay},
        title = "{The M31 Velocity Vector. III. Future Milky Way M31-M33 Orbital Evolution, Merging, and Fate of the Sun}",
      journal = {\apj},
     keywords = {galaxies: individual: M31, galaxies: kinematics and dynamics, Local Group, proper motions, Astrophysics - Galaxy Astrophysics},
         year = 2012,
        month = jul,
       volume = {753},
       number = {1},
          eid = {9},
        pages = {9},
          doi = {10.1088/0004-637X/753/1/9},
archivePrefix = {arXiv},
       eprint = {1205.6865},
 primaryClass = {astro-ph.GA},
       adsurl = {https://ui.adsabs.harvard.edu/abs/2012ApJ...753....9V},
      adsnote = {Provided by the SAO/NASA Astrophysics Data System}
}

@ARTICLE{deVaucouleurs1948,
       author = {{de Vaucouleurs}, Gerard},
        title = "{Recherches sur les Nebuleuses Extragalactiques}",
      journal = {Annales d'Astrophysique},
         year = 1948,
        month = jan,
       volume = {11},
        pages = {247},
       adsurl = {https://ui.adsabs.harvard.edu/abs/1948AnAp...11..247D},
      adsnote = {Provided by the SAO/NASA Astrophysics Data System}
}

@INPROCEEDINGS{brooks2016,
       author = {{Brooks}, Alyson and {Christensen}, Charlotte},
        title = "{Bulge Formation via Mergers in Cosmological Simulations}",
     keywords = {Physics, Astrophysics - Astrophysics of Galaxies},
    booktitle = {Galactic Bulges},
         year = 2016,
       editor = {{Laurikainen}, Eija and {Peletier}, Reynier and {Gadotti}, Dimitri},
       series = {Astrophysics and Space Science Library},
       volume = {418},
        month = jan,
        pages = {317},
          doi = {10.1007/978-3-319-19378-6_12},
archivePrefix = {arXiv},
       eprint = {1511.04095},
 primaryClass = {astro-ph.GA},
       adsurl = {https://ui.adsabs.harvard.edu/abs/2016ASSL..418..317B},
      adsnote = {Provided by the SAO/NASA Astrophysics Data System}
}

@ARTICLE{kormendy2010,
       author = {{Kormendy}, John and {Drory}, Niv and {Bender}, Ralf and {Cornell}, Mark E.},
        title = "{Bulgeless Giant Galaxies Challenge Our Picture of Galaxy Formation by Hierarchical Clustering}",
      journal = {\apj},
     keywords = {galaxies: evolution, galaxies: formation, galaxies: individual: M 33 NGC 3338 NGC 3810 NGC 5457 NGC 6503 NGC 6946, galaxies: nuclei, galaxies: photometry, galaxies: structure, Astrophysics - Astrophysics of Galaxies},
         year = 2010,
        month = nov,
       volume = {723},
       number = {1},
        pages = {54-80},
          doi = {10.1088/0004-637X/723/1/54},
archivePrefix = {arXiv},
       eprint = {1009.3015},
 primaryClass = {astro-ph.GA},
       adsurl = {https://ui.adsabs.harvard.edu/abs/2010ApJ...723...54K},
      adsnote = {Provided by the SAO/NASA Astrophysics Data System}
}

@INPROCEEDINGS{toomre1977,
       author = {{Toomre}, Alar},
        title = "{Mergers and Some Consequences}",
    booktitle = {Evolution of Galaxies and Stellar Populations},
         year = 1977,
       editor = {{Tinsley}, Beatrice M. and {Larson}, Richard B. Gehret, D. Campbell},
        month = jan,
        pages = {401},
       adsurl = {https://ui.adsabs.harvard.edu/abs/1977egsp.conf..401T},
      adsnote = {Provided by the SAO/NASA Astrophysics Data System}
}

@ARTICLE{sersic1963,
       author = {{S{\'e}rsic}, J.~L.},
        title = "{Influence of the atmospheric and instrumental dispersion on the brightness distribution in a galaxy}",
      journal = {Boletin de la Asociacion Argentina de Astronomia La Plata Argentina},
         year = 1963,
        month = feb,
       volume = {6},
        pages = {41-43},
       adsurl = {https://ui.adsabs.harvard.edu/abs/1963BAAA....6...41S},
      adsnote = {Provided by the SAO/NASA Astrophysics Data System}
}

@BOOK{sersic1968,
       author = {{S\'ersic}, Jose Luis},
        title = "{Atlas de Galaxias Australes}",
         year = 1968,
       adsurl = {https://ui.adsabs.harvard.edu/abs/1968adga.book.....S},
      adsnote = {Provided by the SAO/NASA Astrophysics Data System}
}

@ARTICLE{querejeta2015I,
       author = {{Querejeta}, M. and {Eliche-Moral}, M.~C. and {Tapia}, T. and {Borlaff}, A. and {Rodr{\'\i}guez-P{\'e}rez}, C. and {Zamorano}, J. and {Gallego}, J.},
        title = "{Formation of S0 galaxies through mergers. Bulge-disc structural coupling resulting from major mergers}",
      journal = {\aap},
     keywords = {galaxies: bulges, galaxies: evolution, galaxies:, formation, galaxies: interactions, galaxies: structure, Astrophysics - Astrophysics of Galaxies, Astrophysics - Cosmology and Nongalactic Astrophysics},
         year = 2015,
        month = jan,
       volume = {573},
          eid = {A78},
        pages = {A78},
          doi = {10.1051/0004-6361/201424303},
archivePrefix = {arXiv},
       eprint = {1409.5126},
 primaryClass = {astro-ph.GA},
       adsurl = {https://ui.adsabs.harvard.edu/abs/2015A&A...573A..78Q},
      adsnote = {Provided by the SAO/NASA Astrophysics Data System}
}



@ARTICLE{querejeta2015II,
       author = {{Querejeta}, M. and {Eliche-Moral}, M.~C. and {Tapia}, T. and {Borlaff}, A. and {van de Ven}, G. and {Lyubenova}, M. and {Martig}, M. and {Falc{\'o}n-Barroso}, J. and {M{\'e}ndez-Abreu}, J.},
        title = "{Formation of S0 galaxies through mergers. Explaining angular momentum and concentration change from spirals to S0s}",
      journal = {\aap},
     keywords = {galaxies: interactions, galaxies: evolution, galaxies: kinematics and dynamics, galaxies: elliptical and lenticular, cD, Astrophysics - Astrophysics of Galaxies},
         year = 2015,
        month = jul,
       volume = {579},
          eid = {L2},
        pages = {L2},
          doi = {10.1051/0004-6361/201526354},
archivePrefix = {arXiv},
       eprint = {1506.00640},
 primaryClass = {astro-ph.GA},
       adsurl = {https://ui.adsabs.harvard.edu/abs/2015A&A...579L...2Q},
      adsnote = {Provided by the SAO/NASA Astrophysics Data System}
}





